@article{Cartwright2002,
	author = {Nancy Cartwright},
	doi = {10.1093/bjps/53.3.411},
	journal = {British Journal for the Philosophy of Science},
	number = {3},
	pages = {411--453},
	publisher = {Oxford University Press},
	title = {Against Modularity, the Causal Markov Condition, and Any Link Between the Two: Comments on Hausman and Woodward},
	volume = {53},
	year = {2002}
}



@article{Manola2023,
	author = {Violetta Manola and Stathis Psillos},
	doi = {10.1007/s11016-023-00904-2},
	journal = {Metascience},
	number = {3},
	pages = {301--307},
	title = {Causation, From a Human Point of View: James Woodward: Causation with a Human Face: Normative Theory and Descriptive Psychology. Oxford: Oxford University Press, 432 Pp, \pounds64 Hb},
	volume = {32},
	year = {2023}
}


@InCollection{indis,
	author       =	{Colyvan, Mark},
	title        =	{{Indispensability Arguments in the Philosophy of Mathematics}},
	booktitle    =	{The {Stanford} Encyclopedia of Philosophy},
	editor       =	{Edward N. Zalta and Uri Nodelman},
	url =	{\url{https://plato.stanford.edu/archives/sum2024/entries/mathphil-indis/}},
	year         =	{2024},
	edition      =	{{S}ummer 2024},
	publisher    =	{Metaphysics Research Lab, Stanford University}
}

@book{caushuman,
    author = {Woodward, James},
    title = {Causation with a Human Face: Normative Theory and Descriptive Psychology},
    publisher = {Oxford University Press},
    year = {2021},
    url = {https://doi.org/10.1093/oso/9780197585412.001.0001},
}



@incollection{Kitcher1962,
  title        = {Explanatory Unification and the Causal Structure of the World},
  author       = {Philip Kitcher},
  year         = 1962,
  booktitle    = {Scientific Explanation},
  publisher    = {University of Minnesota Press},
  pages        = {410--505},
  editor       = {Philip Kitcher and Wesley C. Salmon},
}

@article{Friedman1974,
  title        = {Explanation and Scientific Understanding},
  author       = {Michael Friedman},
  year         = 1974,
  journal      = {Journal of Philosophy},
  publisher    = {Journal of Philosophy Inc},
  volume       = 71,
  number       = 1,
  pages        = {5--19},
  doi          = {10.2307/2024924},
}

@book{Lewis1973a,
  title        = {Counterfactuals},
  author       = {David K. Lewis},
  year         = 1973,
  publisher    = {Blackwell},
  address      = {Malden, Mass.},
}

@article{Lewis1973b,
  title        = {Causation},
  author       = {David Lewis},
  year         = 1973,
  journal      = {Journal of Philosophy},
  publisher    = {Oxford UP},
  volume       = 70,
  number       = 17,
  pages        = {556--567},
  doi          = {10.2307/2025310},
}

@book{Dewulf2022,
  title        = {The Emergence of Scientific Explanation as a Problem for Philosophy of Science: Aristotle, Nagel, and Hempel},
  author       = {Dewulf, Fons},
  year         = 2022,
  booktitle    = {Ernest Nagel: Philosophy of Science and the Fight for Clarity},
  publisher    = {Springer International Publishing},
  address      = {Cham},
  pages        = {67--87},
  doi          = {10.1007/978-3-030-81010-8_4},
  isbn         = {978-3-030-81010-8},
  editor       = {Neuber, Matthias and Tuboly, Adam Tamas},
}

@article{Holland,
  title        = {Statistics and Causal Inference},
  author       = {Paul W. Holland and},
  year         = 1986,
  journal      = {Journal of the American Statistical Association},
  volume       = 81,
  number       = 396,
  pages        = {945--960},
  doi          = {10.1080/01621459.1986.10478354},
}

@book{Bromberger1992,
  title        = {On What We Know We Don?T Know},
  author       = {Sylvain Bromberger},
  year         = 1992,
  publisher    = {University of Chicago Press / CSLI},
  address      = {Chicago and London / Stanford},
}

@article{Nagel1962,
  title        = {The Structure of Science: Problems in the Logic of Scientific Explanation},
  author       = {Ernest Nagel},
  year         = 1962,
  journal      = {Philosophy},
  publisher    = {Cambridge University Press},
  volume       = 37,
  number       = 142,
  pages        = {372--374},
}

@inbook{Spiridonov2021,
  title        = {Atmospheric Pressure and Wind},
  author       = {Spiridonov, Vlado and {\'{C}}uri{\'{c}}, Mladjen},
  year         = 2021,
  booktitle    = {Fundamentals of Meteorology},
  publisher    = {Springer International Publishing},
  address      = {Cham},
  pages        = {87--114},
  doi          = {10.1007/978-3-030-52655-9_8},
  isbn         = {978-3-030-52655-9},
  url          = {https://doi.org/10.1007/978-3-030-52655-9_8},
}

@misc{mitBromberger,
  title        = {Sylvain Bromberger, 1924-2018},
  author       = {Paul Egré},
  year         = 2018,
}

@incollection{Galavotti2018,
  title        = {{Wesley Salmon}},
  author       = {Galavotti, Maria Carla},
  year         = 2022,
  booktitle    = {The {Stanford} Encyclopedia of Philosophy},
  publisher    = {Metaphysics Research Lab, Stanford University},
  editor       = {Edward N. Zalta and Uri Nodelman},
  edition      = {{F}all 2022},
}

@incollection{dummetcause,
  title        = {¿Puede un efecto preceder a su causa?},
  author       = {Michael Dummet},
  year         = 1978,
  booktitle    = {La verdad y otros enigmas},
  pages        = {408--422},
}

@misc{utmArrowTime,
  title        = {{A}rrow of {T}ime},
  author       = {Bradley H. Dowden},
  year         = 2023,
}

@article{onthecauserussell,
  title        = {I.—On the Notion of Cause},
  author       = {Russell, Bertrand},
  year         = 2015,
  month        = {07},
  journal      = {Proceedings of the Aristotelian Society},
  volume       = 13,
  number       = 1,
  pages        = {1--26},
  doi          = {10.1093/aristotelian/13.1.1},
  issn         = {0066-7374},
  url          = {https://doi.org/10.1093/aristotelian/13.1.1},
}

@article{Hausman1986,
  title        = {Causation and Experimentation},
  author       = {Daniel M. Hausman},
  year         = 1986,
  journal      = {American Philosophical Quarterly},
  publisher    = {University of Illinois Press},
  volume       = 23,
  number       = 2,
  pages        = {143--154},
}

@incollection{sep-laws-of-nature,
  title        = {{Laws of Nature}},
  author       = {Carroll, John W.},
  year         = 2024,
  booktitle    = {The {Stanford} Encyclopedia of Philosophy},
  publisher    = {Metaphysics Research Lab, Stanford University},
  editor       = {Edward N. Zalta and Uri Nodelman},
  edition      = {{W}inter 2024},
}

@article{Hodgkin1952,
  title        = {A quantitative description of membrane current and its application to conduction and excitation in nerve},
  author       = {Hodgkin, A. L. and Huxley, A. F.},
  year         = 1952,
  month        = aug,
  journal      = {The Journal of Physiology},
  volume       = 117,
  number       = 4,
  pages        = {500--544},
  issn         = {0022-3751},
  url          = {https://www.ncbi.nlm.nih.gov/pmc/articles/PMC1392413/},
  urldate      = {2024-06-03},
}

@article{Hodgkin1952a,
  title        = {Currents carried by sodium and potassium ions through the membrane of the giant axon of Loligo},
  author       = {Hodgkin, A. L. and Huxley, A. F.},
  year         = 1952,
  month        = apr,
  journal      = {The Journal of Physiology},
  volume       = 116,
  number       = 4,
  pages        = {449--472},
  issn         = {0022-3751},
  url          = {https://www.ncbi.nlm.nih.gov/pmc/articles/PMC1392213/},
  urldate      = {2024-06-03},
}

@incollection{allen2014,
  title        = {History of Evolutionary Thought},
  author       = {Allen, Garland},
  year         = 2014,
  booktitle    = {The {{Princeton Guide}} to {{Evolution}}},
  publisher    = {Princeton University Press},
  address      = {New Jersey},
  pages        = {10--27},
}

@article{ariotti1968,
  title        = {Galileo on the Isochrony of the Pendulum},
  author       = {Ariotti, Piero E.},
  year         = 1968,
  journal      = {University of Chicago Press},
  volume       = 59,
  number       = 4,
  pages        = {414--426},
  doi          = {10.1086/350426},
}

@book{aristoteles2008,
  title        = {F{\'i}sica},
  author       = {Arist{\'o}teles},
  year         = 2008,
  publisher    = {Gredos},
  address      = {Madrid, Espa{\~n}a},
  isbn         = {978-84-249-1676-x},
  edition      = {1ª},
}

@book{aristoteles2012,
  title        = {{\'E}tica Nicomaquea},
  author       = {{Arist{\'o}teles}},
  year         = 2012,
  publisher    = {Unam},
  editor       = {Robledo, Antonio G{\'o}mez},
  edition      = {3ª},
}

@article{ausin2005,
  title        = {Environmental Regulation of Flowering},
  author       = {Ausin, Israel and {Alonso-Blanco}, Carlos and {Martinez-Zapater}, Jose-Miguel},
  year         = 2005,
  journal      = {The International Journal of Developmental Biology},
  volume       = 49,
  number       = {5-6},
  pages        = {689--705},
  doi          = {10.1387/ijdb.052022ia},
  issn         = {0214-6282},
  urldate      = {2024-02-09},
}

@article{b03,
  title        = {{\textquestiondown}Qu{\'e} Tan Matematica Es La Logica Matematica?},
  author       = {Barcelo, A.},
  year         = 2003,
  journal      = {Revista de filosof{\'i}a DI{\'A}NOIA},
  volume       = 48,
  number       = 51,
  pages        = {3--28},
}

@book{b07,
  title        = {Logica Universalis: Towards a General Theory of Logic},
  author       = {Beziau, J. Y. (Ed.)},
  year         = 2007,
  publisher    = {Springer Science \& Business Media},
  address      = {Londres},
}

@book{barrio2017introduccion,
  title        = {Introducci{\'o}n a Las L{\'o}icas No Cl{\'a}sicas},
  author       = {Barrio, E.. and Pailos, F. M.},
  year         = 2017,
  publisher    = {Eudeba},
  address      = {Buenos Aires},
}

@article{blasjo2022,
  title        = {Operationalism: An Interpretation of the Philosophy of Ancient Greek Geometry},
  author       = {Bl{\aa}sj{\"o}, Viktor},
  year         = 2022,
  journal      = {Foundations of Science},
  volume       = 27,
  number       = 2,
  pages        = {587--708},
  doi          = {10.1007/s10699-021-09791-4},
  issn         = {1572-8471},
}

@incollection{block2013,
  title        = {{\textquestiondown}Se Drenan Hasta Desaparecer Los Poderes Causales?},
  author       = {Block, Ned},
  year         = 2013,
  booktitle    = {El Debate Contempor{\'a}neo Sobre La Causaci{\'o}n Mental},
  publisher    = {Universidad Aut{\'o}noma de Aguascalientes},
  address      = {Aguascalientes, M{\'e}xico},
  pages        = {139--162},
}

@article{bokulich2016,
  title        = {Fiction As a Vehicle for Truth: Moving Beyond the Ontic Conception},
  author       = {Bokulich, Alisa},
  year         = 2016,
  journal      = {The Monist},
  publisher    = {Oxford University Press (Oup)},
  volume       = 99,
  number       = 3,
  pages        = {260--279},
}

@book{buffon1885,
  title        = {Natural History General and Particular},
  author       = {Buffon, Count De},
  year         = 1885,
  address      = {London},
  volume       = {II},
}

@book{c37,
  title        = {The Logical Syntax of Language},
  author       = {Carnap, R.},
  year         = 1937,
  publisher    = {Kegan Paul},
  address      = {Londres},
}

@article{caret2016,
  title        = {The Collapse of Logical Pluralism Has Been Greatly Exaggerated},
  author       = {Caret, C. R.},
  year         = 2016,
  journal      = {Erkenntnis. An International Journal of Scientific Philosophy},
  volume       = 82,
  pages        = 4,
  unidentified = {739 - 760},
}

@book{carnap1937empiricism,
  title        = {Empiricism, Semantics and Ontology, 2nd Edition},
  author       = {Carnap, R.},
  year         = 1937,
  publisher    = {The University of Chicago Press},
  address      = {Chicago},
  edition      = {2nd edition},
}

@book{cartwright1983,
  title        = {How the Laws of Physics Lie},
  author       = {Cartwright, Nancy},
  year         = 1983,
  month        = jun,
  publisher    = {Oxford University Press},
  doi          = {10.1093/0198247044.001.0001},
  isbn         = {978-0-19-824704-3},
  urldate      = {2024-02-24},
}

@book{cartwright2022,
  title        = {A Philosopher Looks at Science},
  author       = {Cartwright, Nancy},
  year         = 2022,
  publisher    = {Cambridge University Press},
  address      = {Cambridge},
  series       = {A {{Philosopher Looks At}}},
  doi          = {10.1017/9781009201896},
  isbn         = {978-1-00-920188-9},
}

@incollection{catherine2014,
  title        = {Genetics of Phenotypic Evolution},
  author       = {Catherine, Peichel},
  year         = 2014,
  booktitle    = {The {{Princeton Guide}} to {{Evolution}}},
  publisher    = {Princeton University Press},
  address      = {New Jersey},
  pages        = {10--27},
}

@incollection{chang2017,
  title        = {Is Pluralism Compatible with Scientific Realism?},
  author       = {Chang, Hasok},
  year         = 2017,
  booktitle    = {The {{Routledge Handbook}} of {{Scientific Realism}}},
  publisher    = {New York: Routledge},
  pages        = {176--186},
  editor       = {Saatsi, Juha},
}

@book{coffa2005la,
  title        = {La Tradici{\'o}n Sem{\'a}ntica de Kant a Carnap},
  author       = {Coffa, A.},
  year         = 2005,
  publisher    = {Universidad Autnoma Metropolitana - Unidad Iztapalapa},
  address      = {Ciudad de M{\'e}xico},
}

@article{cohen2009,
  title        = {A Better Best System Account of Lawhood},
  author       = {Cohen, Jonathan and Callender, Craig},
  year         = 2009,
  month        = jul,
  journal      = {Philosophical Studies},
  volume       = 145,
  number       = 1,
  pages        = {1--34},
  doi          = {10.1007/s11098-009-9389-3},
  issn         = {1573-0883},
}

@article{cook2010let,
  title        = {Let a Thousand Flowers Bloom: A Tour of Logical Pluralism},
  author       = {Cook, R.},
  year         = 2010,
  journal      = {Philosophy Compass},
  volume       = 5,
  number       = 6,
  pages        = {492--504},
}

@incollection{davidson1986,
  title        = {A Nice Derangement of Epitaphs},
  author       = {Davidson, Donald},
  year         = 1986,
  booktitle    = {Truth and {{Interpretation}}: {{Perspectives}} on the {{Philosophy}} of {{Donald Davidson}}},
  publisher    = {Blackwell},
  pages        = {433--446},
  editor       = {Lepore, Ernest},
}

@incollection{depaul2001,
  title        = {170Value Monism in Epistemology},
  author       = {DePaul, Michael R.},
  year         = 2001,
  month        = mar,
  booktitle    = {Knowledge, {{Truth}}, and {{Duty}}: {{Essays}} on {{Epistemic Justification}}, {{Responsibility}}, and {{Virtue}}},
  publisher    = {Oxford University Press},
  doi          = {10.1093/0195128923.003.0011},
  isbn         = {978-0-19-512892-5},
}

@book{descartes2018,
  title        = {The Geometry of Ren{\'e} Descartes},
  author       = {Descartes, Ren{\'e}},
  year         = 2018,
  publisher    = {Dover Publications},
  address      = {New York},
}

@book{dieguez2012,
  title        = {La Vida Bajo Escrutinio},
  author       = {Di{\'e}guez, Antonio},
  year         = 2012,
  publisher    = {Biblioteca Burid{\'a}n},
  address      = {Espa{\~n}a},
}

@incollection{disalle2020,
  title        = {Space and Time: Inertial Frames},
  author       = {DiSalle, Robert},
  year         = 2020,
  booktitle    = {The {{Stanford Encyclopedia}} of {{Philosophy}}},
  publisher    = {Metaphysics Research Lab, Stanford University},
  editor       = {Zalta, Edward N.},
  edition      = {Winter 2020},
}

@incollection{e14,
  title        = {Fifty (More or Less) Shades of Logical Consequence},
  author       = {{Estrada-Gonzalez}, L.},
  year         = 2014,
  booktitle    = {The {{LOGICA}} Yearbook 2014},
  publisher    = {College Publications},
  address      = {Londres},
  editor       = {Dan{\v c}ak, P. Arazim y M.},
}

@article{elgin2004,
  title        = {True Enough},
  author       = {Elgin, Catherine Z.},
  year         = 2004,
  journal      = {Philosophical Issues},
  volume       = 14,
  number       = 1,
  pages        = {113--131},
  doi          = {10.1111/j.1533-6077.2004.00023.x},
}

@book{elgin2017true,
  title        = {True Enough},
  author       = {Elgin, C.Z.},
  year         = 2017,
  publisher    = {MIT Press},
  series       = {The {{MIT}} Press},
  isbn         = {978-0-262-34138-7},
}

@book{engel2014truth,
  title        = {Truth},
  author       = {Engel, P.},
  year         = 2014,
  publisher    = {Taylor \& Francis},
  isbn         = {978-1-317-48955-9},
}

@incollection{frege1879conceptografa.,
  title        = {Conceptograf{\'i}a},
  author       = {Frege, G.},
  year         = 2016,
  booktitle    = {Escritos Sobre L{\'o}gica, Sem{\'a}ntica y Filosof{\'i}a de Las Matem{\'a}ticas},
  publisher    = {IIFs-UNAM},
  address      = {Ciudad de M{\'e}xico},
  pages        = {39--153},
  editor       = {Vald{\'e}s, Margarita},
}

@article{frege1918thought,
  title        = {The Thought},
  author       = {Frege, G.},
  year         = 1918,
  journal      = {Mind; a quarterly review of psychology and philosophy},
  volume       = 65,
  number       = 259,
  pages        = {289--311},
}

@incollection{freudenthalNewtonJustificationTheory1986,
  title        = {Newton's Justification of the Theory of Absolute Space},
  author       = {Freudenthal, Gideon},
  year         = 1986,
  publisher    = {Springer Netherlands},
  address      = {Dordrecht},
  volume       = 88,
  pages        = {13--28},
  doi          = {10.1007/978-94-009-4500-5_2},
  isbn         = {978-94-010-8505-2 978-94-009-4500-5},
  urldate      = {2022-11-29},
  editor       = {Cohen, Robert S. and Wartofsky, Marx W.},
}

@article{friedman,
  title        = {The Aim of Inquiry?},
  author       = {Friedman, Jane},
  year         = 2024,
  journal      = {Philosophy and Phenomenological Research},
  doi          = {10.1111/phpr.12982},
}

@incollection{friedmana,
  title        = {Zetetic Epistemology},
  author       = {Friedman, Jane},
  year         = 2020,
  publisher    = {Routledge},
}

@book{g00,
  title        = {Forma y Modalidad: Una Introducci{\'o}n al Concepto de Consecuencia L{\'o}gica},
  author       = {{Gomez-Torrente}, M.},
  year         = 2000,
  publisher    = {Eudeba},
  address      = {Buenos Aires},
}

@article{g02,
  title        = {What Exactly Is Logical Pluralism?},
  author       = {Goddu, G. C.},
  year         = 2002,
  journal      = {Australian Journal of Philosophy},
  volume       = 80,
  pages        = {218--230},
}

@unpublished{g19,
  title        = {La Logica Formal Como Herramienta de Analisis Filosofico o Del Porqu{\'e} La L{\'o}gica Es Una Disciplina Filosofica},
  author       = {{Gutierrez-Ramirez}, C.},
  year         = 2019,
}

@article{gettier1963,
  title        = {Is Justified True Belief Knowledge?},
  author       = {Gettier, E. L.},
  year         = 1963,
  journal      = {Analysis},
  doi          = {10.1093/analys/23.6.121},
}

@book{godfrey-smith2014,
  title        = {Philosophy of Biology},
  author       = {{Godfrey-Smith}, Peter},
  year         = 2014,
  publisher    = {Oxford University Press},
  address      = {New Jersey},
}

@article{gomz-torrente2002problem,
  title        = {The Problem of Logical Constants},
  author       = {{G{\'o}mez-Torrente}, M.},
  year         = 2002,
  journal      = {Bulletin of Symbolic Logic},
  volume       = 8,
  number       = 1,
  pages        = {1--37},
}

@article{gould1979,
  title        = {The Spandrels of San Marco and the Panglossian Paradigm: A Critique of the Adaptationist Programme.},
  author       = {Gould, S. J. and Lewontin, R. C.},
  year         = 1979,
  month        = sep,
  journal      = {Proceedings of the Royal Society of London. Series B, Biological sciences},
  address      = {England},
  volume       = 205,
  number       = 1161,
  pages        = {581--598},
  doi          = {10.1098/rspb.1979.0086},
  issn         = {0950-1193},
}

@incollection{greco2002,
  title        = {Virtues in Epistemology},
  author       = {Greco, John},
  year         = 2002,
  booktitle    = {Oxford {{Handbook}} of {{Epistemology}}},
  publisher    = {Oxford University Press},
  pages        = {287--315},
  editor       = {Moser, Paul},
}

@article{grimm2012,
  title        = {The Value of Understanding},
  author       = {Grimm, Stephen},
  year         = 2012,
  journal      = {Philosophy Compass},
  publisher    = {Wiley-Blackwell},
  volume       = 7,
  number       = 2,
  pages        = {103--117},
  doi          = {10.1111/j.1747-9991.2011.00460.x},
}

@incollection{gutirrez-ramrez2010razones,
  title        = {Razones Quineanas Para Ser L{\'o}gico Cl{\'a}sico},
  author       = {{Guti{\'e}rrez-Ram{\'i}rez}, C.},
  year         = 2010,
  booktitle    = {Identidad y Diferencia, Volumen {{III}}},
  publisher    = {Siglo Veintiuno Editores},
  address      = {Ciudad de M{\'e}xico},
  editor       = {Ar{\'e}chiga, V. \& J. Labastida},
}

@article{h13,
  title        = {Logical Pluralism, Meaning-Variance, and Verbal Disputes},
  author       = {Hjortland, O.},
  year         = 2013,
  journal      = {Australasian Journal of Philosophy},
  volume       = 91,
  number       = 2,
  pages        = {355--373},
}

@book{h74,
  title        = {Deviant Logic: Some Philosophical Issues},
  author       = {Haack, S.},
  year         = 1974,
  publisher    = {Cambridge University Press},
  address      = {Cambridge},
}

@book{h78,
  title        = {Philosophy of Logics},
  author       = {Haack, S.},
  year         = 1978,
  publisher    = {Cambridge University Press},
  address      = {Cambridge},
}

@book{hempel1965,
  title        = {Aspects of Scientific Explanation: And Other Essays in the Philosophy of Science.},
  author       = {Hempel, Carl G.},
  year         = 1965,
  publisher    = {Free Press},
  address      = {New York,  NY,  US},
  series       = {Aspects of Scientific Explanation: {{And}} Other Essays in the Philosophy of Science.},
  pages        = 505,
}

@article{Hempel1948,
  title        = {Studies in the Logic of Explanation},
  author       = {Carl Gustav Hempel and Paul Oppenheim},
  year         = 1948,
  journal      = {Philosophy of Science},
  publisher    = {Association for Symbolic Logic},
  volume       = 15,
  number       = 2,
  pages        = {135--175},
  doi          = {10.1086/286983},
}

@book{hume1784,
  title        = {An Enquiry Concerning Human Understanding},
  author       = {Hume, David},
  year         = 1784,
  publisher    = {Early Modern Texts},
}

@incollection{ichikawa2018,
  title        = {The Analysis of Knowledge},
  author       = {Ichikawa, Jonathan Jenkins and Steup, Matthias},
  year         = 2018,
  booktitle    = {The {{Stanford Encyclopedia}} of {{Philosophy}}},
  publisher    = {Metaphysics Research Lab, Stanford University},
  editor       = {Zalta, Edward N.},
  edition      = {Summer 2018},
}

@book{ivanova2020,
  title        = {The Aesthetics of Science: Beauty, Imagination and Understanding},
  author       = {Ivanova, Milena and French, Steven},
  year         = 2020,
  publisher    = {Routledge},
}

@article{keefe2014what,
  title        = {What Logical Pluralism Cannot Be},
  author       = {Keefe, K.},
  year         = 2014,
  journal      = {Synthese. An International Journal for Epistemology, Methodology and Philosophy of Science},
  volume       = 91,
  number       = 7,
  pages        = {1375--1390},
}

@article{khalifa2010,
  title        = {Social Constructivism and the Aims of Science},
  author       = {Khalifa, Kareem},
  year         = 2010,
  journal      = {Social Epistemology},
  publisher    = {Taylor \& Francis},
  volume       = 24,
  number       = 1,
  pages        = {45--61},
  doi          = {10.1080/02691721003632818},
}

@article{kim1973,
  title        = {Causation, Nomic Subsumption, and the Concept of Event},
  author       = {Kim, Jaegwon},
  year         = 1973,
  journal      = {The Journal of Philosophy},
  publisher    = {Journal of Philosophy, Inc.},
  volume       = 70,
  number       = 8,
  pages        = {217--236},
  doi          = {10.2307/2025096},
  issn         = {0022362x},
  urldate      = {2024-02-25},
}

@article{klein2019,
  title        = {How to Get Certain Knowledge from Fallible Justification},
  author       = {Klein, Peter D.},
  year         = 2019,
  journal      = {Episteme},
  publisher    = {Cambridge University Press},
  volume       = 16,
  number       = 4,
  pages        = {395--412},
  doi          = {10.1017/epi.2019.33},
  issn         = {1742-3600},
  edition      = {2019/10/24},
}

@book{kvanvig2003,
  title        = {The Value of Knowledge and the Pursuit of Understanding},
  author       = {Kvanvig, Jonathan L.},
  year         = 2003,
  publisher    = {Cambridge University Press},
}

@incollection{kvanvig2009,
  title        = {The Value of Understanding},
  author       = {Kvanvig, Jonathan},
  year         = 2009,
  booktitle    = {Epistemic {{Value}}},
  publisher    = {Oxford: Oxford University Press},
  pages        = {95--112},
  editor       = {{Pritchard} and {Haddock} and {MIllar}},
}

@article{laudan1981,
  title        = {A Confutation of Convergent Realism},
  author       = {Laudan, Larry},
  year         = 1981,
  journal      = {Philosophy of Science},
  publisher    = {[The University of Chicago Press, Philosophy of Science Association]},
  volume       = 48,
  number       = 1,
  pages        = {19--49},
  issn         = {0031-8248},
  urldate      = {2022-12-12},
}

@article{lewontin1970,
  title        = {The Units of Selection},
  author       = {Lewontin, R. C.},
  year         = 1970,
  journal      = {Annual Review of Ecology and Systematics},
  volume       = 1,
  number       = 1,
  pages        = {1--18},
  doi          = {10.1146/annurev.es.01.110170.000245},
}

@article{lewontin2006,
  title        = {The Analysis of Variance and the Analysis of Causes},
  author       = {Lewontin, R. C.},
  year         = 2006,
  month        = jun,
  journal      = {Int J Epidemiol},
  volume       = 35,
  number       = 3,
  pages        = {520--525},
  doi          = {10.1093/ije/dyl062},
  issn         = {0300-5771},
}

@book{llaudet2023,
  title        = {Data Analysis for Social Science: A Friendly and Practical Introduction},
  author       = {Llaudet, Elena and Imai, Kosuke},
  year         = 2023,
  publisher    = {Princeton University Press},
  address      = {New Jersey},
  edition      = 1,
}

@book{lloyd1988,
  title        = {The Structure and Confirmation of Evolutionary Theory},
  author       = {Lloyd, Elizabeth},
  year         = 1988,
  publisher    = {Greenwood Press},
  address      = {Conneticut},
}

@incollection{losos2014,
  title        = {What Is Evolution?},
  author       = {Losos, Jonathan},
  year         = 2014,
  booktitle    = {The {{Princeton Guide}} to {{Evolution}}},
  publisher    = {Princeton University Press},
  address      = {New Jersey},
  pages        = {3--9},
}

@book{lycan2018,
  title        = {Philosophy of Language},
  author       = {Lycan, William G.},
  year         = 2018,
  publisher    = {Routledge},
}

@article{lynch2008alethic,
  title        = {Alethic Pluralism, Logical Consequence and the Universality of Reason},
  author       = {Lynch, M.},
  year         = 2008,
  journal      = {Midwest Studies in Philosophy},
  volume       = 32,
  number       = 1,
  pages        = {122--140},
}

@book{m07,
  title        = {Second Philosophy: A Naturalistic Method},
  author       = {Maddy, P.},
  year         = 2007,
  publisher    = {Oxford University Press},
  address      = {Oxford},
}

@book{m14,
  title        = {The Logical Must: Wittgenstein on Logic},
  author       = {Maddy, P.},
  year         = 2014,
  publisher    = {Oxford University Press},
  address      = {Oxford},
}

@article{m87,
  title        = {La Rivalidad En Logica},
  author       = {Morado, R.},
  year         = 1987,
  journal      = {Dianoia},
  volume       = 30,
  pages        = {237--249},
}

@article{m89,
  title        = {Anything Is Possible},
  author       = {Mortensen, C.},
  year         = 1989,
  journal      = {Erkenntnis. An International Journal of Scientific Philosophy},
  volume       = 30,
  number       = 3,
  pages        = {319--37},
}

@article{macfarlane2002frege,
  title        = {Frege, Kant, and the Logic in Logicism},
  author       = {MacFarlane, J.},
  year         = 2002,
  journal      = {The philosophical review},
  volume       = 111,
  number       = 1,
  pages        = {25--65},
}

@incollection{macfarlane2009logical,
  title        = {Logical Constants},
  author       = {MacFarlane, J.},
  year         = 2009,
  booktitle    = {The Stanford Encyclopedia of Philosophy (Fall 2009 Edition)},
  publisher    = {Metaphysics Research Lab, Stanford University},
  editor       = {Zalta, Edward N.},
}

@book{mach2013,
  title        = {The Science of Mechanics},
  author       = {Mach, Ernst},
  year         = 2013,
  publisher    = {Cambridge University Press},
  series       = {Cambridge {{Library Collection}} - {{Physical Sciences}}},
  isbn         = {978-1-108-06648-8},
}

@incollection{maddy2022,
  title        = {A Note on Truth and Reference},
  author       = {Maddy, Penelope},
  year         = 2022,
  booktitle    = {A Plea for Natural Philosophy: And Other Essays},
  publisher    = {Oxford University Press},
  chapter      = 6,
}

@incollection{mallozzi2022,
  title        = {The Epistemology of Modality},
  author       = {Mallozzi, Antonella and Vaidya, Anand and Wallner, Michael},
  year         = 2022,
  booktitle    = {The {{Stanford Encyclopedia}} of {{Philosophy}}},
  publisher    = {Metaphysics Research Lab, Stanford University},
  editor       = {Zalta, Edward N. and Nodelman, Uri},
  edition      = {Winter 2022},
}

@book{manzano1996extensions,
  title        = {Extensions of First-Order Logic},
  author       = {Manzano, M.},
  year         = 1996,
  publisher    = {Cambridge University Press},
  address      = {Cambridge},
}

@book{maudlin2014,
  title        = {Filosof{\'i}a de la f{\'i}sica I},
  author       = {Maudlin, Tim},
  year         = 2014,
  publisher    = {Fondo de Cultura Economica},
  isbn         = {607-16-2433-9},
}

@book{mayo2018,
  title        = {Statistical Inference as Severe Testing: How to Get Beyond the Statistics Wars},
  author       = {Mayo, Deborah G.},
  year         = 2018,
  publisher    = {Cambridge University Press},
  address      = {Cambridge},
  doi          = {10.1017/9781107286184},
  issn         = 9781107054134,
}

@incollection{michael2014,
  title        = {From DNA to Phenotypes},
  author       = {Michael, Whitlock},
  year         = 2014,
  booktitle    = {The {{Princeton Guide}} to {{Evolution}}},
  publisher    = {Princeton University Press},
  address      = {New Jersey},
  pages        = {40--46},
}

@misc{nasa,
  title        = {Gravity \& Mechanics},
  author       = {Nasa},
  journal      = {Gravity and Mechanics},
  urldate      = {2023-11-05},
  type         = {Nasa},
}

@book{newton1966,
  title        = {Principia : Vol. 1 The Motion of Bodies},
  author       = {Newton, Isaac},
  year         = 1966,
  publisher    = {University of California Press},
  isbn         = {0-520-00928-2 978-0-520-00928-8},
  editor       = {Motte, Florian Cajori \& Andrew},
}

@book{orayen1989lgica,
  title        = {L{\'o}gica, Significado y Ontolog{\'i}a},
  author       = {Orayen, R.},
  year         = 1989,
  publisher    = {Universidad Nacional Aut{\'o}noma de M{\'e}xico},
  address      = {Ciudad de M{\'e}xico},
}

@book{palau1986introduccin,
  title        = {Introducci{\'o}n Filos{\'o}fica a Las L{\'o}gicas No Cl{\'a}sicas},
  author       = {Palau, G.},
  year         = 1986,
  publisher    = {Eudeba},
  address      = {Buenos Aires},
}

@article{papineau2021,
  title        = {The Disvalue of Knowledge},
  author       = {Papineau, David},
  year         = 2021,
  month        = jun,
  journal      = {Synthese},
  volume       = 198,
  number       = 6,
  pages        = {5311--5332},
  doi          = {10.1007/s11229-019-02405-4},
  issn         = {1573-0964},
  urldate      = {2022-11-08},
}

@incollection{platon2008,
  title        = {Men{\'o}n},
  author       = {{Plat{\'o}n}},
  year         = 2008,
  booktitle    = {Di{\'a}logos},
  publisher    = {Editorial Gredos},
  address      = {Madrid, Espa{\~n}a},
  volume       = {II},
  pages        = {275--337},
}

@article{pritchard2021,
  title        = {Veritism and the Goal of Inquiry},
  author       = {Pritchard, Duncan},
  year         = 2021,
  journal      = {Philosophia},
  volume       = 49,
  number       = 4,
  pages        = {1347--1359},
  doi          = {10.1007/s11406-021-00325-7},
  issn         = {1574-9274},
}

@article{pritchard2021a,
  title        = {Intellectual Virtues and the Epistemic Value of Truth},
  author       = {Pritchard, Duncan},
  year         = 2021,
  month        = jun,
  journal      = {Synthese},
  volume       = 198,
  number       = 6,
  pages        = {5515--5528},
  doi          = {10.1007/s11229-019-02418-z},
  issn         = {1573-0964},
  urldate      = {2022-11-08},
}

@misc{pritchardEpistemicValueCognitive2021,
  title        = {The Epistemic Value of Cognitive Contact with Reality},
  author       = {Pritchard, Duncan},
  year         = 2021,
}

@article{quine1956,
  title        = {Quantifiers and Propositional Attitudes},
  author       = {Quine, W. V.},
  year         = 1956,
  journal      = {The Journal of Philosophy},
  publisher    = {Journal of Philosophy, Inc.},
  volume       = 53,
  number       = 5,
  pages        = {177--187},
  doi          = {10.2307/2022451},
  issn         = {0022362x},
  urldate      = {2024-02-25},
}

@incollection{quine1985,
  title        = {Events and Reification},
  author       = {Quine, Willard V.},
  year         = 1985,
  booktitle    = {Actions and {{Events}}: {{Perspectives}} on the {{Philosophy}} of {{Davidson}}},
  publisher    = {Blackwell},
  pages        = {162--71},
  editor       = {Lepore, E. and McLaughlin, B.},
}

@book{quine1986philosophy,
  title        = {Philosophy of Logic},
  author       = {Quine, W. V.},
  year         = 1986,
  publisher    = {Harvard University Press},
  address      = {Harvard},
}

@incollection{ramond2023,
  title        = {Isochronies},
  author       = {Ramond, Paul},
  year         = 2023,
  booktitle    = {The {{First Law}} of {{Mechanics}} in {{General Relativity}} \& {{Isochrone Orbits}} in {{Newtonian Gravity}}},
  publisher    = {Springer International Publishing},
  address      = {Cham},
  pages        = {197--221},
  doi          = {10.1007/978-3-031-17964-8_7},
  isbn         = {978-3-031-17964-8},
}

@article{restall2002carnaps,
  title        = {Tolerance, Language Change and Logical Pluralism},
  author       = {Restall, G.},
  year         = 2002,
  journal      = {Journal of Philosophy},
  volume       = 99,
  pages        = {426--443},
}

@book{restall2012new,
  title        = {New Waves in Philosophical Logic},
  year         = 2012,
  publisher    = {Palgrave Macmillan},
  address      = {Basingstoke},
  editor       = {Restall, G. and Russell, G.},
}

@book{routley2019ultralogic,
  title        = {Ultralogic as Universal?},
  author       = {Routley, R.},
  year         = 2019,
  publisher    = {Springer International Publishing},
  address      = {Londres},
}

@article{russell1912,
  title        = {The Notion of Cause},
  author       = {Russell, Bertrand},
  year         = 1912,
  journal      = {Proceedings of the Aristotelian Society},
  number       = 13,
  pages        = {1--26},
}

@article{russell2017logic,
  title        = {Logic Isn't Normative},
  author       = {Russell, G.},
  year         = 2017,
  journal      = {Inquiry : a journal of medical care organization, provision and financing},
  pages        = {1--18},
}

@article{russelllogical,
  title        = {Logical Nihilism: Could There Be No Logic?},
  author       = {Russell, G.},
  year         = 2018,
  journal      = {Philosophical Issues},
  volume       = 28,
  number       = 1,
  pages        = {308--324},
}

@incollection{saatsi2010,
  title        = {Form-Driven Vs. Content-Driven Arguments for Realism},
  author       = {Saatsi, Juha},
  year         = 2010,
  booktitle    = {New {{Waves}} in {{Philosophy}} of {{Science}}},
  publisher    = {Palgrave-Macmillan},
  editor       = {Magnus, P. D. and Busch, Jacob},
}

@article{sen1977,
  title        = {Rational Fools: A Critique of the Behavioral Foundations of Economic Theory},
  author       = {Sen, Amartya},
  year         = 1977,
  journal      = {Philosophy and Public Affairs},
  publisher    = {Wiley-Blackwell},
  volume       = 6,
  number       = 4,
  pages        = {317--344},
}

@book{shapiro2014varieties,
  title        = {Varieties of Logic},
  author       = {Shapiro, S.},
  year         = 2014,
  publisher    = {Oxford University Press},
  address      = {Oxford},
}

@book{sher2016,
  title        = {Epistemic Friction: An Essay on Knowledge, Truth, and Logic},
  author       = {Sher, Gila},
  year         = 2016,
  publisher    = {Oxford: Oxford University Press UK},
}

@article{sher2017,
  title        = {Truth and Scientific Change},
  author       = {Sher, Gila},
  year         = 2017,
  journal      = {Journal for General Philosophy of Science / Zeitschrift f{\"u}r Allgemeine Wissenschaftstheorie},
  publisher    = {Springer Verlag},
  volume       = 48,
  number       = 3,
  pages        = {371--394},
  doi          = {10.1007/s10838-017-9370-3},
}

@book{sosa2017,
  title        = {Epistemology},
  author       = {Sosa, Ernest},
  year         = 2017,
  publisher    = {Princeton: Princeton University Press},
}

@book{stalnaker2012,
  title        = {Mere Possibilities: Metaphysical Foundations of Modal Semantics},
  author       = {Stalnaker, Robert},
  year         = 2012,
  publisher    = {Princeton University Press},
}

@article{stei2020rivalry,
  title        = {Rivalry, Normativity, and the Collapse of Logical Pluralism},
  author       = {Stei, E.},
  year         = 2020,
  journal      = {Inquiry : a journal of medical care organization, provision and financing},
  volume       = 63,
  number       = {3-4},
  pages        = {411--432},
}

@article{suarez2004,
  title        = {An Inferential Conception of Scientific Representation},
  author       = {Su{\'a}rez, Mauricio},
  year         = 2004,
  month        = dec,
  journal      = {Philosophy of Science},
  volume       = 71,
  number       = 5,
  pages        = {767--779},
  doi          = {10.1086/421415},
  issn         = {0031-8248, 1539-767x},
  urldate      = {2024-01-24},
}

@article{t13,
  title        = {Una Defensa Sistematica Del Pluralismo Logico},
  author       = {Tajer, D.},
  year         = 2013,
  journal      = {Cuadernos de Filosof{\'i}a},
  volume       = 58,
  number       = 6,
  pages        = {29--44},
}

@article{t16,
  title        = {Contra El Pluralismo Modalista},
  author       = {Tajer, D.},
  year         = 2016,
  journal      = {Eidos},
  volume       = 25,
  pages        = {286--309},
}

@incollection{tarski1933the,
  title        = {On the Concept of Logical Consequence},
  author       = {Tarski, A.},
  year         = 1933,
  booktitle    = {Logic, {{Semantics}}, {{Metamathematics}} Papers from 1923 to 1938},
  publisher    = {Hackett},
  address      = {Indianapolis},
}

@book{uller2019,
  title        = {Evolutionary Causation: Biological and Philosophical Reflections},
  author       = {Uller, Tobias and Laland, Kevin N.},
  year         = 2019,
  publisher    = {MIT Press},
}

@article{v15,
  title        = {Los Alcances Del Pluralismo Logico},
  author       = {{Vasquez-Davila}, O.},
  year         = 2015,
  journal      = {Revista Filosof{\'i}a UIS},
  volume       = 14,
  number       = 8,
  pages        = {69--81},
}

@article{varzi2002logical,
  title        = {On Logical Relativity},
  author       = {Varzi, A.},
  year         = 2002,
  journal      = {Philosophical Issues},
  volume       = 12,
  pages        = {197--219},
}

@book{vickers2017,
  title        = {Historical Challenges to Realism},
  author       = {Vickers, Peter},
  year         = 2017,
  month        = dec,
  publisher    = {Routledge Handbooks Online},
  doi          = {10.4324/9780203712498-5},
  isbn         = {978-1-138-88885-2 978-0-203-71249-8},
  urldate      = {2023-10-04},
}

@book{williams2002,
  title        = {Truth and Truthfulness: An Essay in Genealogy},
  author       = {Williams, Bernard},
  year         = 2002,
  publisher    = {Princeton University Press},
}

@book{williamson2002,
  title        = {Knowledge and Its Limits},
  author       = {Williamson, Timothy},
  year         = 2002,
  month        = oct,
  publisher    = {Oxford University Press},
  doi          = {10.1093/019925656x.001.0001},
  isbn         = {978-0-19-925656-3},
}

@book{wittgenstein2024,
  title        = {Tractatus Logico-Philosophicus},
  author       = {Wittgenstein, Ludwig},
  year         = 2024,
  publisher    = {Liveright},
  address      = {New York},
  edition      = {Primera},
}

@inproceedings{yu2021,
  title        = {A Virtue Epistemology of Scientific Explanation and Understanding},
  author       = {Yu, Haomiao},
  year         = 2021,
  month        = jun,
}

@article{zagzebski1994,
  title        = {The Inescapability of Gettier Problems},
  author       = {Zagzebski, Linda},
  year         = 1994,
  journal      = {Philosophical Quarterly},
  publisher    = {Wiley-Blackwell},
  volume       = 44,
  number       = 174,
  pages        = {65--73},
  doi          = {10.2307/2220147},
}

@book{zagzebski1996,
  title        = {Virtues of the Mind: An Inquiry Into the Nature of Virtue and the Ethical Foundations of Knowledge},
  author       = {Zagzebski, Linda Trinkaus},
  year         = 1996,
  publisher    = {Cambridge University Press},
  address      = {Cambridge, England},
}

@book{Bentley2023,
  title        = {Logical Empiricism and Naturalism: Neurath and Carnap?s Metatheory of Science},
  author       = {Joseph Bentley},
  year         = 2023,
  publisher    = {Springer Nature Switzerland},
}

@incollection{Carrillo2021-CARAAP-12,
  title        = {An Artifactual Perspective on Idealization: Constant Capacitance and the Hodgkin and Huxley Model},
  author       = {Natalia Carrillo and Tarja Knuuttila},
  year         = 2021,
  booktitle    = {Models and Idealizations in Science: Artifactual and Fictional Approaches},
  publisher    = {Springer Verlag},
  pages        = {51--70},
  editor       = {Alejandro Cassini and Juan Redmond},
}

@book{Potochnik2017-POTIAT-3,
  title        = {Idealization and the Aims of Science},
  author       = {Angela Potochnik},
  year         = 2017,
  publisher    = {University of Chicago Press},
  address      = {Chicago},
}

@book{Piccolino2013,
  title        = {Shocking Frogs: Galvani, Volta, and the Electric Origins of Neuroscience},
  shorttitle   = {Shocking {Frogs}},
  author       = {Piccolino, Marco and Bresadola, Marco},
  year         = 2013,
  month        = nov,
  publisher    = {Oxford University Press},
  doi          = {10.1093/acprof:oso/9780199782161.001.0001},
  isbn         = 9780199345182,
  url          = {https://academic.oup.com/book/2646},
  urldate      = {2024-05-21},
}

@article{Hodgkin1951,
  title        = {The Ionic Basis of Electrical Activity in Nerve and Muscle},
  author       = {Hodgkin, A. L.},
  year         = 1951,
  journal      = {Biological Reviews},
  volume       = 26,
  number       = 4,
  pages        = {339--409},
  doi          = {10.1111/j.1469-185X.1951.tb01204.x},
  issn         = {1469-185x},
  url          = {https://onlinelibrary.wiley.com/doi/abs/10.1111/j.1469-185X.1951.tb01204.x},
  urldate      = {2024-05-21},
}

@book{Lewontin2017,
  title        = {Not in Our Genes: Biology, Ideology, and Human Nature},
  shorttitle   = {Not in {Our} {Genes}},
  author       = {Lewontin, Richard and Kamin, Leon J. and Rose, Steven},
  year         = 2017,
  publisher    = {Haymarket Books},
  isbn         = 9781608467273,
}

@article{Weisberg2007,
  title        = {Three Kinds of Idealization},
  author       = {Weisberg, Michael},
  year         = 2007,
  journal      = {The Journal of Philosophy},
  publisher    = {Journal of Philosophy, Inc.},
  volume       = 104,
  number       = 12,
  pages        = {639--659},
  issn         = {0022-362x},
  url          = {https://www.jstor.org/stable/20620065},
  urldate      = {2024-05-22},
}

@book{Frigg2020,
  title        = {Modelling Nature. An Opinionated Introduction to Scientific Representation},
  author       = {Frigg, Roman and Nguyen, James},
  year         = 2020,
  publisher    = {Springer},
  address      = {New York},
}

@article{Carrillo2022,
  title        = {Holistic idealization: An artifactual standpoint},
  shorttitle   = {Holistic idealization},
  author       = {Carrillo, Natalia and Knuuttila, Tarja},
  year         = 2022,
  month        = feb,
  journal      = {Studies in History and Philosophy of Science},
  volume       = 91,
  pages        = {49--59},
  doi          = {10.1016/j.shpsa.2021.10.009},
  issn         = {0039-3681},
  url          = {https://www.sciencedirect.com/science/article/pii/S0039368121001655},
  urldate      = {2024-06-03},
}

@article{Quine1951,
  title        = {Main Trends in Recent Philosophy: Two Dogmas of Empiricism},
  shorttitle   = {Main {Trends} in {Recent} {Philosophy}},
  author       = {Quine, W. V.},
  year         = 1951,
  journal      = {The Philosophical Review},
  publisher    = {[Duke University Press, Philosophical Review]},
  volume       = 60,
  number       = 1,
  pages        = {20--43},
  doi          = {10.2307/2181906},
  issn         = {0031-8108},
  url          = {https://www.jstor.org/stable/2181906},
  urldate      = {2024-06-03},
}

@book{Weinberg2015,
  title        = {To explain the world: The Discovery of Modern Science},
  author       = {Steven Weinberg},
  year         = 2015,
  publisher    = {HarperCollins},
}

@article{Hodgkin1952b,
  title        = {The components of membrane conductance in the giant axon of Loligo},
  author       = {Hodgkin, A. L. and Huxley, A. F.},
  year         = 1952,
  month        = apr,
  journal      = {The Journal of Physiology},
  volume       = 116,
  number       = 4,
  pages        = {473--496},
  issn         = {0022-3751},
  url          = {https://www.ncbi.nlm.nih.gov/pmc/articles/PMC1392209/},
  urldate      = {2024-06-03},
  pmcid        = {Pmc1392209},
  pmid         = 14946714,
}

@incollection{Yturbe1995,
  title        = {The History of Science: Internal or External?},
  shorttitle   = {The {History} of {Science}},
  author       = {Yturbe, Corina},
  year         = 1995,
  publisher    = {Springer Netherlands},
  address      = {Dordrecht},
  pages        = {71--87},
  doi          = {10.1007/978-94-009-0109-4_6},
  isbn         = 9789400901094,
  url          = {https://doi.org/10.1007/978-94-009-0109-4\%5F6},
  urldate      = {2024-06-06},
  editor       = {Ramirez, Santiago and Cohen, Robert S.},
}

@article{Richardson2023,
  title        = {Logical Empiricism as Scientific Philosophy},
  author       = {Richardson, Alan W.},
  year         = 2023,
  month        = dec,
  journal      = {Elements in the Philosophy of Science},
  publisher    = {Cambridge University Press},
  url          = {https://www.cambridge.org/core/elements/logical-empiricism-as-scientific-philosophy/C73094AF20BE6019F846440EA8F72D54},
  urldate      = {2024-06-06},
}

@book{Suarez2024,
  title        = {Inference and Representation: A Study in Modeling Science},
  shorttitle   = {Inference and {Representation}},
  author       = {Suárez, Mauricio},
  year         = 2024,
  month        = jan,
  publisher    = {University of Chicago Press},
  address      = {Chicago, IL},
  isbn         = 9780226830049,
  url          = {https://press.uchicago.edu/ucp/books/book/chicago/I/bo207912978.html},
  urldate      = {2024-06-06},
}

@book{Riel2014,
  title        = {The Concept of Reduction},
  author       = {Riel, Raphael van},
  year         = 2014,
  publisher    = {Springer},
  address      = {Heidelberg},
}

@incollection{Hessen2009,
  title        = {The Social and Economic Roots of Newton’s Principia},
  author       = {Hessen, Boris},
  year         = 2009,
  publisher    = {Springer Netherlands},
  address      = {Dordrecht},
  pages        = {41--101},
  doi          = {10.1007/978-1-4020-9604-4_2},
  isbn         = 9781402096044,
  url          = {https://doi.org/10.1007/978-1-4020-9604-4\%5F2},
  urldate      = {2024-06-07},
  editor       = {Freudenthal, Gideon and McLaughlin, Peter},
}

@incollection{Grossmann2009,
  title        = {The Social Foundations of the Mechanistic Philosophy and Manufacture},
  author       = {Grossmann, Henryk},
  year         = 2009,
  publisher    = {Springer Netherlands},
  address      = {Dordrecht},
  pages        = {103--156},
  doi          = {10.1007/978-1-4020-9604-4_3},
  isbn         = 9781402096044,
  url          = {https://doi.org/10.1007/978-1-4020-9604-4\%5F3},
  urldate      = {2024-06-07},
  editor       = {Freudenthal, Gideon and McLaughlin, Peter},
}

@incollection{Freudenthal2009,
  title        = {Classical Marxist Historiography of Science: The Hessen-Grossmann-Thesis},
  shorttitle   = {Classical {Marxist} {Historiography} of {Science}},
  author       = {Freudenthal, Gideon and McLaughlin, Peter},
  year         = 2009,
  publisher    = {Springer Netherlands},
  address      = {Dordrecht},
  pages        = {1--40},
  doi          = {10.1007/978-1-4020-9604-4_1},
  isbn         = 9781402096044,
  url          = {https://doi.org/10.1007/978-1-4020-9604-4\%5F1},
  urldate      = {2024-06-07},
  editor       = {Freudenthal, Gideon and McLaughlin, Peter},
}

@incollection{Sosa1991,
  title        = {The raft and the pyramid: coherence versus foundations in the theory of knowledge},
  shorttitle   = {The raft and the pyramid},
  year         = 1991,
  publisher    = {Cambridge University Press},
  address      = {Cambridge},
  series       = {Cambridge {Studies} in {Philosophy}},
  pages        = {165--191},
  doi          = {10.1017/cbo9780511625299.011},
  isbn         = 9780521396431,
  url          = {https://www.cambridge.org/core/books/knowledge-in-perspective/raft-and-the-pyramid-coherence-versus-foundations-in-the-theory-of-knowledge/9A57916C42969164B50746B12F06CFC8},
  urldate      = {2024-06-08},
  editor       = {Sosa, Ernest},
}

@article{RocaRoyes2011,
  title        = {Modal Knowledge and Counterfactual Knowledge},
  author       = {Roca-Royes, Sonia},
  year         = 2011,
  journal      = {Logique et Analyse},
  publisher    = {Peeters Publishers},
  volume       = 54,
  number       = 216,
  pages        = {537--552},
  issn         = {0024-5836},
  url          = {https://www.jstor.org/stable/44085028},
  urldate      = {2024-06-08},
}

@article{Millstein2002,
  title        = {Are Random Drift and NAtural selection Conceptually Disctinct?},
  author       = {Roberta Millstein},
  year         = 2002,
  journal      = {Biology and Philosophy},
}

@article{Millstein2006,
  title        = {Natural Selection as a Population-Level Causal Process},
  author       = {Roberta Millstein},
  year         = 2006,
  journal      = {British Journal the Philosophy of science},
}

@book{shapin2010never,
  title        = {Never pure: Historical studies of science as if it was produced by people with bodies, situated in time, space, culture, and society, and struggling for credibility and authority},
  author       = {Shapin, Steven},
  year         = 2010,
  publisher    = {JHU Press},
  addres       = {Baltimore},
}

@book{Shapin1995,
  title        = {A Social History of Truth: Civility and Science in Seventeenth-Century England},
  author       = {Shapin, S.},
  year         = 1995,
  publisher    = {University of Chicago Press},
  series       = {Science and Its Conceptual Foundations series},
  isbn         = 9780226750194,
  url          = {https://books.google.com.mx/books?id=Cr4lEAAAQBAJ},
  lccn         = {lc93041950},
}

@incollection{sep-pseudo-science,
  title        = {Science and Pseudo-Science},
  author       = {Hansson, Sven Ove},
  year         = 2021,
  booktitle    = {The {Stanford} Encyclopedia of Philosophy},
  publisher    = {Metaphysics Research Lab, Stanford University},
  edition      = {{F}all 2021},
  editor       = {Edward N. Zalta},
}

@article{reichenbach1938experience,
  title        = {Experience and prediction: An analysis of the foundations and the structure of knowledge},
  author       = {Reichenbach, Hans},
  year         = 1938,
}

@inbook{Seo2015,
  title        = {Context of Discovery and Context of Justification},
  author       = {Seo, Minwoo and Chang, Hasok},
  year         = 2015,
  booktitle    = {Encyclopedia of Science Education},
  publisher    = {Springer Netherlands},
  address      = {Dordrecht},
  pages        = {229--232},
  doi          = {10.1007/978-94-007-2150-0_239},
  isbn         = {978-94-007-2150-0},
  url          = {https://doi.org/10.1007/978-94-007-2150-0\%5F239},
  editor       = {Gunstone, Richard},
}

@book{Luque2011,
  title        = {Giving Reasons: A Linguistic-Pragmatic Approach to Argumentation Theory},
  author       = {Luque, L.B.},
  year         = 2011,
  publisher    = {Springer Netherlands},
  series       = {Argumentation Library},
  isbn         = 9789400717619,
  url          = {https://books.google.com.mx/books?id=LKGO\%5FRdQV\%5FwC},
}

@article{Frank1954,
  title        = {The Variety of Reasons for the Acceptance of Scientific Theories},
  author       = {Frank, Philipp G.},
  year         = 1954,
  journal      = {The Scientific Monthly},
  publisher    = {American Association for the Advancement of Science},
  volume       = 79,
  number       = 3,
  pages        = {139--145},
  issn         = {00963771},
  url          = {http://www.jstor.org/stable/21111},
}

@incollection{Carnap1938-CARFOL-10,
  title        = {Foundations of Logic and Mathematics},
  author       = {Rudolf Carnap},
  year         = 1939,
  booktitle    = {International Encyclopedia of Unified Science},
  publisher    = {Chicago University Press},
  pages        = {1--70},
  editor       = {Otto Neurath and Rudolf Carnap and Charles William Morris},
}

@book{stillwell1989mathematics,
  title        = {Mathematics and its History},
  author       = {Stillwell, John},
  year         = 1989,
  publisher    = {Springer},
  volume       = 3,
}

@book{SinnottArmstrong2018,
  title        = {Think Again: How to Reason and Argue},
  author       = {Sinnott-Armstrong, W.},
  year         = 2018,
  publisher    = {Penguin Books Limited},
  series       = {Pelican Books},
  isbn         = 9780141983127,
  url          = {https://books.google.com.mx/books?id=S1lPDwAAQBAJ},
}

@book{Eemeren2003,
  title        = {A Systematic Theory of Argumentation: The pragma-dialectical approach},
  author       = {Eemeren, Frans H. van and Grootendorst, Rob},
  year         = 2003,
  publisher    = {Cambridge University Press},
}

@book{Toulmin2003,
  title        = {The Uses of Argument},
  author       = {Toulmin, Stephen E.},
  year         = 2003,
  publisher    = {Cambridge University Press},
  edition      = 2,
}

@book{weston2018rulebook,
  title        = {A rulebook for arguments},
  author       = {Weston, Anthony},
  year         = 2018,
  publisher    = {Hackett Publishing},
}

@book{nordell2021end,
  title        = {The end of bias: A beginning: The science and practice of overcoming unconscious bias},
  author       = {Nordell, Jessica},
  year         = 2021,
  publisher    = {Metropolitan Books},
}

@book{reynolds2024reading,
  title        = {Reading Practice: The Pursuit of Natural Knowledge from Manuscript to Print},
  author       = {Reynolds, Melissa},
  year         = 2024,
  publisher    = {University of Chicago Press},
}

@incollection{Frank1956,
  title        = {The variety of reasons for the acceptance of scientific theories},
  author       = {Philipp Frank},
  year         = 1956,
  booktitle    = {The validation of scientific theories},
  publisher    = {The Beacon Press},
  chapter      = 1,
  editor       = {Philipp Frank},
}

@inbook{Howard2006,
  title        = {Lost Wanderers in the Forest of Knowledge: Some Thoughts on the Discovery-Justification Distinction},
  author       = {Don Howard},
  year         = 2006,
  booktitle    = {Revisiting Discovery and Justification: Historical and philosophical perspectives on the context distinction},
  publisher    = {Springer Netherlands},
  address      = {Dordrecht},
  pages        = {3--22},
  doi          = {10.1007/1-4020-4251-5_2},
  isbn         = {978-1-4020-4251-5},
  url          = {https://doi.org/10.1007/1-4020-4251-5\%5F2},
  editor       = {Schickore, Juta and Steinle, Friedrich},
}

@incollection{sep-causal-explanation-science,
  title        = {Causal Approaches to Scientific Explanation},
  author       = {Ross, Lauren and Woodward, James},
  year         = 2023,
  booktitle    = {The {Stanford} Encyclopedia of Philosophy},
  publisher    = {Metaphysics Research Lab, Stanford University},
  edition      = {{S}pring 2023},
  editor       = {Edward N. Zalta and Uri Nodelman},
}

@book{abrams2023evolution,
  title        = {Evolution and the Machinery of Chance: Philosophy, Probability, and Scientific Practice in Biology},
  author       = {Abrams, M.},
  year         = 2023,
  publisher    = {University of Chicago Press},
  isbn         = 9780226826639,
  url          = {https://books.google.com.mx/books?id=piO2EAAAQBAJ},
  lccn         = 2022045069,
}

@incollection{sep-causation-mani,
  title        = {Causation and Manipulability},
  author       = {Woodward, James},
  year         = 2023,
  booktitle    = {The {Stanford} Encyclopedia of Philosophy},
  publisher    = {Metaphysics Research Lab, Stanford University},
  edition      = {{S}ummer 2023},
  editor       = {Edward N. Zalta and Uri Nodelman},
}

@book{Woodward2004,
  title        = {Making Things Happen: A Theory of Causal Explanation},
  author       = {Woodward, James},
  year         = 2004,
  month        = {01},
  publisher    = {Oxford University Press},
  doi          = {10.1093/0195155270.001.0001},
  isbn         = 9780195155273,
  url          = {https://doi.org/10.1093/0195155270.001.0001},
}

@article{Woodward2000-WOOEAI,
  title        = {Explanation and Invariance in the Special Sciences},
  author       = {James Woodward},
  year         = 2000,
  journal      = {British Journal for the Philosophy of Science},
  publisher    = {Oxford University Press},
  volume       = 51,
  number       = 2,
  pages        = {197--254},
  doi          = {10.1093/bjps/51.2.197},
}

@book{Pearl2016,
  title        = {Causal Inference in Statistics: A Primer},
  author       = {Pearl, J. and Glymour, M. and Jewell, N.P.},
  year         = 2016,
  publisher    = {Wiley},
  isbn         = 9781119186847,
  url          = {https://books.google.com.mx/books?id=L3G-CgAAQBAJ},
  lccn         = 2015037219,
}

@book{Pearl2018,
  title        = {The Book of Why: The New Science of Cause and Effect},
  author       = {Pearl, J. and Mackenzie, D.},
  year         = 2018,
  publisher    = {Basic Books},
  isbn         = {978-0-465-09761-6},
  url          = {https://books.google.com.mx/books?id=EmY8DwAAQBAJ},
  lccn         = 2018005510,
}

@book{Hajek2016-HAJOHO,
  title        = {The Oxford Handbook of Probability and Philosophy},
  year         = 2016,
  publisher    = {Oxford University Press},
  address      = {Oxford},
  editor       = {Alan H\'{a}jek and Christopher Hitchcock},
}

@book{Rachels2021,
  title        = {Introducci{\'o}n a la filosof{\'\i}a moral},
  author       = {Rachels, J. and Ortiz Mill{\'a}n, G.},
  year         = 2021,
  publisher    = {Fondo de Cultura Economica},
  series       = {Breviarios},
  isbn         = 9786071638632,
}

@book{MeunierFitzHugh2021,
  title        = {Marketing: A Very Short Introduction},
  author       = {Meunier-FitzHugh, K.L.},
  year         = 2021,
  publisher    = {Oxford University Press},
  series       = {Very short introductions},
  isbn         = 9780198827337,
  lccn         = 2020943420,
}

@inbook{Wallace2014,
  title        = {Hablemos de Langostas},
  author       = {David Foster Wallace},
  year         = 2014,
  publisher    = {Pemguin Random House},
  pages        = {291--315},
  chapter      = {Hablemos de Langostas},
}

@incollection{Brady1193,
  title        = {I want a wife},
  author       = {Judy Brady},
  year         = 1993,
  booktitle    = {Literature for Composition},
  publisher    = {HarperCollins Custom Books},
  pages        = {775--776},
  edition      = {Third},
  editor       = {Barnet, Sylvan & Berman, Morton & Burto, William & Stubbs, Marcia},
}

@incollection{Bromberger1966,
  title        = {Why-Questions},
  author       = {Sylvain Bromberger},
  year         = 1966,
  booktitle    = {Mind and Cosmos: Essays in Contemporary Science and Philosophy},
  publisher    = {University of Pittsburgh Press},
  pages        = {86--111},
  editor       = {Robert Garland Colodny},
}

@incollection{Salmon1970,
  title        = {Statistical Explanation},
  author       = {Wesley Salmon},
  year         = 1970,
  booktitle    = {The Nature and Function of Scientific Theories},
}

@book{Otsuka2023,
  title        = {Thinking about Statistics: The Philosophical Foundations},
  author       = {Otsuka, J.},
  year         = 2023,
  publisher    = {Routledge, Taylor \& Francis Group},
  series       = {Philosophy (Routledge)},
  isbn         = 9781032326108,
  url          = {https://books.google.com.mx/books?id=JPz4zgEACAAJ},
}

@article{Arroyo-Santos2014-ARRTPD,
  title        = {The Phylogeography Debate and the Epistemology of Model-Based Evolutionary Biology},
  author       = {Alfonso Arroyo{-}Santos and Mark E. Olson and Francisco Vergara{-}Silva},
  year         = 2014,
  journal      = {Biology and Philosophy},
  publisher    = {Springer Verlag},
  volume       = 29,
  number       = 6,
  pages        = {833--850},
  doi          = {10.1007/s10539-013-9391-1},
}

@article{ArroyoSantos2008,
  title        = {Gregorio Klimovsky (comp.), &lt;i&gt;Los enigmas del descubrimiento científico&lt;/i&gt;},
  author       = {Arroyo Santos, Alfonso},
  year         = 2008,
  month        = may,
  journal      = {Diánoia},
  volume       = 53,
  number       = 60,
  pages        = {217–223},
  doi          = {10.21898/dia.v53i60.297},
  url          = {https://dianoia.filosoficas.unam.mx/index.php/dianoia/article/view/297},
}

@article{Mercado-Reyes2018-MERTLO-14,
  title        = {The Limits of Measuring Information in Biology: An Ontological Approach},
  author       = {Agust\'{i}n Mercado{-}Reyes and Alfonso Arroyo{-}Santos},
  year         = 2018,
  journal      = {Biosemiotics},
  volume       = 11,
  number       = 3,
  doi          = {10.1007/s12304-018-9336-9},
}
